<?xml version='1.0' encoding='utf-8'?>
<record xmlns="http://www.loc.gov/MARC21/slim" xmlns:xsi="http://www.w3.org/2001/XMLSchema-instance">
  <leader>00000nmm^a22^^^^^^a^4500</leader>
  <controlfield tag="001">005681194</controlfield>
  <controlfield tag="005">20080512101536.0</controlfield>
  <controlfield tag="007">co^cga---muauu</controlfield>
  <controlfield tag="008">080428s2003^^^^tnu^^^^g^^^u^^^^^^^^eng^d</controlfield>
  <datafield tag="035" ind1=" " ind2=" ">
    <subfield code="a">(OCoLC)702905290</subfield>
  </datafield>
  <datafield tag="040" ind1=" " ind2=" ">
    <subfield code="a">MiU-H</subfield>
    <subfield code="c">MiU-H</subfield>
  </datafield>
  <datafield tag="245" ind1="0" ind2="0">
    <subfield code="a">Victors valiant :</subfield>
    <subfield code="b">the most spectacular sights &amp; sounds of Michigan football</subfield>
    <subfield code="h">[electronic resource].</subfield>
  </datafield>
  <datafield tag="260" ind1=" " ind2=" ">
    <subfield code="a">Nashville, Tenn. :</subfield>
    <subfield code="b">Rutledge Hill Press,</subfield>
    <subfield code="c">c2003.</subfield>
  </datafield>
  <datafield tag="300" ind1=" " ind2=" ">
    <subfield code="a">1 CD-ROM :</subfield>
    <subfield code="b">col. ;</subfield>
    <subfield code="c">4 3/4 in.</subfield>
  </datafield>
  <datafield tag="505" ind1="1" ind2=" ">
    <subfield code="a">1. "Meechigan" / Bob Ufer -- 2/ Entry Cadence / University of Michigan Marching Band -- 3. Notre Dame wars / Bob Ufer -- 4. "The Victors" / University of Michigan Marching Band -- 5. 5-4-3-2-1 Touchdown! / Bob Ufer -- 6. "Let's go blue" / University of Michigan Marching Band -- 7. General Bo George Patten Schembechler-scoring horn goes wild! / Bob Ufer -- 8. 1979 University of Michigan vs. Indiana University "The play" / Bob Ufer -- 9. A decade of big Bo and little Woody / Bob Ufer -- 10. "The Victors" reprise / University of Michigan Marching Band -- 11. Robert "Frost" Ufer prose in poetry -- 12. 10/16/81 University of Michigan vs. University of Iowa-Bob Ufer's last game / Bob Ufer -- 13. Select photos.</subfield>
  </datafield>
  <datafield tag="538" ind1=" " ind2=" ">
    <subfield code="a">System requirements: CD-ROM drive.</subfield>
  </datafield>
  <datafield tag="600" ind1="1" ind2="0">
    <subfield code="a">Schembechler, Bo.</subfield>
  </datafield>
  <datafield tag="610" ind1="2" ind2="0">
    <subfield code="a">University of Michigan</subfield>
    <subfield code="x">Football.</subfield>
  </datafield>
  <datafield tag="610" ind1="2" ind2="0">
    <subfield code="a">Michigan Wolverines (Football team)</subfield>
    <subfield code="x">History.</subfield>
  </datafield>
  <datafield tag="700" ind1="1" ind2=" ">
    <subfield code="a">Ufer, Bob.</subfield>
  </datafield>
  <datafield tag="710" ind1="2" ind2=" ">
    <subfield code="a">University of Michigan.</subfield>
    <subfield code="b">Marching Band.</subfield>
    <subfield code="4">prf</subfield>
  </datafield>
  <datafield tag="852" ind1="8" ind2=" ">
    <subfield code="a">MiU-H</subfield>
    <subfield code="b">BENT</subfield>
    <subfield code="h">2008077 Aa 2</subfield>
  </datafield>
  <datafield tag="997" ind1=" " ind2=" ">
    <subfield code="a">MARS</subfield>
  </datafield>
  <datafield tag="998" ind1=" " ind2=" ">
    <subfield code="c">OV</subfield>
  </datafield>
  <datafield tag="955" ind1=" " ind2=" ">
    <subfield code="b">BENT</subfield>
    <subfield code="p">B3180050</subfield>
  </datafield>
</record>
